@book{wagner2007comparing,
    title={Comparing clusterings: an overview},
    author={Wagner, Silke and Wagner, Dorothea},
    year={2007},
    publisher={Universit{\"a}t Karlsruhe, Fakult{\"a}t f{\"u}r Informatik Karlsruhe}
}
